% This file was created with JabRef 2.6.
% Encoding: Cp1252

@INPROCEEDINGS{Bouchenak2006,
  author = {Sara Bouchenak and Alan L. Cox and Steven G. Dropsho and Sumit Mittal
	and Willy Zwaenepoel},
  title = {Caching Dynamic Web Content: Designing and Analysing an Aspect-Oriented
	Solution.},
  booktitle = {Middleware},
  year = {2006},
  editor = {Maarten van Steen and Michi Henning},
  volume = {4290},
  series = {Lecture Notes in Computer Science},
  pages = {1-21},
  publisher = {Springer},
  added-at = {2006-11-14T00:00:00.000+0100},
  biburl = {http://www.bibsonomy.org/bibtex/2a1ff92e8581dbda00efe929498156d7a/dblp},
  crossref = {conf/middleware/2006},
  date = {2006-11-14},
  description = {dblp},
  ee = {http://dx.doi.org/10.1007/11925071_1},
  interhash = {8b5132eacc03a04fb207fed76d666077},
  intrahash = {a1ff92e8581dbda00efe929498156d7a},
  isbn = {3-540-49023-X},
  keywords = {dblp},
  url = {http://dblp.uni-trier.de/db/conf/middleware/middleware2006.html#BouchenakCDMZ06}
}

@INPROCEEDINGS{Loughran2004,
  author = {Neil Loughran and Awais Rashid},
  title = {Framed Aspects: Supporting Variability and Configurability for AOP.},
  booktitle = {ICSR},
  year = {2004},
  volume = {3107},
  series = {Lecture Notes in Computer Science},
  pages = {127-140},
  publisher = {Springer},
  added-at = {2004-06-29T00:00:00.000+0200},
  biburl = {http://www.bibsonomy.org/bibtex/232eaf1b50552ab3fb10c76a1376c8ba5/dblp},
  crossref = {conf/icsr/2004},
  date = {2004-06-29},
  description = {dblp},
  ee = {http://springerlink.metapress.com/openurl.asp?genre=article&issn=0302-9743&volume=3107&spage=127},
  file = {:C\:\\Users\\Santiago\\Facultad\\Postgrado\\Doctorado\\JabRef\\pdfs\\Loughran2004.pdf:PDF},
  interhash = {76ad41b4d75077cd0449c3bbb6317e73},
  intrahash = {32eaf1b50552ab3fb10c76a1376c8ba5},
  isbn = {3-540-22335-5},
  keywords = {dblp},
  url = {http://dblp.uni-trier.de/db/conf/icsr/icsr2004.html#LoughranR04}
}

@INPROCEEDINGS{Binkley2005,
  author = {Binkley, Dave and Ceccato, Mariano and Harman, Mark and Ricca, Filippo
	and Tonella, Paolo},
  title = {Automated Refactoring of Object Oriented Code into Aspects},
  booktitle = {ICSM '05: Proceedings of the 21st IEEE International Conference on
	Software Maintenance},
  year = {2005},
  pages = {27--36},
  address = {Washington, DC, USA},
  publisher = {IEEE Computer Society},
  doi = {http://dx.doi.org/10.1109/ICSM.2005.27},
  file = {:C\:\\Users\\Santiago\\Facultad\\Postgrado\\Doctorado\\JabRef\\pdfs\\Binkley2005.pdf:PDF},
  isbn = {0-7695-2368-4}
}

@INPROCEEDINGS{Ceccato2008,
  author = {Ceccato, Mariano},
  title = {Automatic Support for the Migration Towards Aspects},
  booktitle = {CSMR '08: Proceedings of the 2008 12th European Conference on Software
	Maintenance and Reengineering},
  year = {2008},
  pages = {298--301},
  address = {Washington, DC, USA},
  publisher = {IEEE Computer Society},
  doi = {http://dx.doi.org/10.1109/CSMR.2008.4493331},
  file = {:C\:\\Users\\Santiago\\Facultad\\Postgrado\\Doctorado\\JabRef\\pdfs\\Ceccato2008.pdf:PDF},
  isbn = {978-1-4244-2157-2}
}

@ARTICLE{Deursen2005,
  author = {Arie van Deursen and Marius Marin and Leon Moonen},
  title = {A Systematic Aspect-Oriented Refactoring and Testing Strategy, and
	its Application to JHotDraw},
  journal = {CoRR},
  year = {2005},
  volume = {abs/cs/0503015},
  bibsource = {DBLP, http://dblp.uni-trier.de},
  ee = {http://arxiv.org/abs/cs/0503015},
  file = {:C\:\\Users\\Santiago\\Facultad\\Postgrado\\Doctorado\\JabRef\\pdfs\\Deursen2005.pdf:PDF}
}

@INPROCEEDINGS{Hannemann2003,
  author = {Hannemann, Jan and Fritz, Thomas and Murphy, Gail C.},
  title = {Refactoring to aspects: an interactive approach},
  booktitle = {eclipse '03: Proceedings of the 2003 OOPSLA workshop on eclipse technology
	eXchange},
  year = {2003},
  pages = {74--78},
  address = {New York, NY, USA},
  publisher = {ACM},
  doi = {http://doi.acm.org/10.1145/965660.965676},
  file = {:C\:\\Users\\Santiago\\Facultad\\Postgrado\\Doctorado\\JabRef\\pdfs\\Hannemann2003.pdf:PDF},
  location = {Anaheim, California}
}

@INPROCEEDINGS{Hannemann2005,
  author = {Hannemann, Jan and Murphy, Gail C. and Kiczales, Gregor},
  title = {Role-based refactoring of crosscutting concerns},
  booktitle = {AOSD '05: Proceedings of the 4th international conference on Aspect-oriented
	software development},
  year = {2005},
  pages = {135--146},
  address = {New York, NY, USA},
  publisher = {ACM},
  doi = {http://doi.acm.org/10.1145/1052898.1052910},
  file = {:C\:\\Users\\Santiago\\Facultad\\Postgrado\\Doctorado\\JabRef\\pdfs\\Hannemann2005.pdf:PDF},
  isbn = {1-59593-042-6},
  location = {Chicago, Illinois}
}

@ARTICLE{Marin2009,
  author = {Marin, Marius and Deursen, Arie and Moonen, Leon and Rijst, Robin},
  title = {An integrated crosscutting concern migration strategy and its semi-automated
	application to JHotDraw},
  journal = {Automated Software Engg.},
  year = {2009},
  volume = {16},
  pages = {323--356},
  number = {2},
  address = {Hingham, MA, USA},
  doi = {http://dx.doi.org/10.1007/s10515-009-0051-2},
  file = {:C\:\\Users\\Santiago\\Facultad\\Postgrado\\Doctorado\\JabRef\\pdfs\\Marin2009.pdf:PDF},
  issn = {0928-8910},
  publisher = {Kluwer Academic Publishers}
}

@INPROCEEDINGS{Rijst2008,
  author = {van der Rijst, Robin and Marin, Marius and van Deursen, Arie},
  title = {Sort-based refactoring of crosscutting concerns to aspects},
  booktitle = {LATE '08: Proceedings of the 2008 AOSD workshop on Linking aspect
	technology and evolution},
  year = {2008},
  pages = {1--5},
  address = {New York, NY, USA},
  publisher = {ACM},
  doi = {http://doi.acm.org/10.1145/1404953.1404957},
  file = {:C\:\\Users\\Santiago\\Facultad\\Postgrado\\Doctorado\\JabRef\\pdfs\\rijst2008.pdf:PDF},
  isbn = {978-1-60558-147-7},
  location = {Brussels, Belgium}
}

@ARTICLE{Silva2009,
  author = {da Silva, Bruno Carreiro and Figueiredo, Eduardo and Garcia, Alessandro
	and Nunes, Daltro},
  title = {Refactoring of Crosscutting Concerns with Metaphor-Based Heuristics},
  journal = {Electron. Notes Theor. Comput. Sci.},
  year = {2009},
  volume = {233},
  pages = {105--125},
  address = {Amsterdam, The Netherlands, The Netherlands},
  doi = {http://dx.doi.org/10.1016/j.entcs.2009.02.064},
  file = {:C\:\\Users\\Santiago\\Facultad\\Postgrado\\Doctorado\\JabRef\\pdfs\\Silva2009.pdf:PDF},
  issn = {1571-0661},
  publisher = {Elsevier Science Publishers B. V.}
}

@ARTICLE{Tonella2005,
  author = {Tonella, Paolo and Ceccato, Mariano},
  title = {Refactoring the Aspectizable Interfaces: An Empirical Assessment},
  journal = {IEEE Transactions on Software Engineering},
  year = {2005},
  volume = {31},
  pages = {819--832},
  number = {10},
  address = {Los Alamitos, CA, USA},
  citeulike-article-id = {4826294},
  citeulike-linkout-0 = {http://dx.doi.org/http://doi.ieeecomputersociety.org/10.1109/TSE.2005.115},
  doi = {http://doi.ieeecomputersociety.org/10.1109/TSE.2005.115},
  file = {:C\:\\Users\\Santiago\\Facultad\\Postgrado\\Doctorado\\JabRef\\pdfs\\Tonella2005.pdf:PDF},
  keywords = {aspect, aspectizable, interface, mining, refactoring},
  posted-at = {2009-06-12 15:21:59},
  priority = {2},
  publisher = {IEEE Computer Society},
  url = {http://dx.doi.org/http://doi.ieeecomputersociety.org/10.1109/TSE.2005.115}
}

@comment{jabref-meta: selector_publisher:}

@comment{jabref-meta: selector_author:}

@comment{jabref-meta: selector_journal:}

@comment{jabref-meta: selector_keywords:}

@comment{jabref-meta: groupsversion:3;}

@comment{jabref-meta: groupstree:
0 AllEntriesGroup:;
1 ExplicitGroup:AOP\;2\;Elrad2001\;Jacobson2004\;Kiczales1997\;;
2 ExplicitGroup:AspectRefactoring\;2\;Binkley2005\;Deursen2005\;Deurse
n2005a\;Garcia2005\;Ghag2007\;Giunta2010\;Hanenberg2003\;Hannemann2002
\;Hannemann2003\;Hannemann2005\;Hannemann2006\;Iwamoto2003\;Malta2009\
;Marin2004a\;Marin2005\;Mesbah2005\;Mesbah2005a\;Monteiro2004\;Monteir
o2007\;Monteiro2008\;Rijst2008\;Silva2009\;Tonella2005\;Vidal2009a\;Vi
dal2009b\;Wloka2008\;laddad02\;laddad03a\;;
3 ExplicitGroup:ProcesoCompleto\;0\;Abait2010\;Ceccato2006\;Ceccato200
8\;Majumdar2009\;Marin2007a\;Marin2009\;Monteiro2005\;Vidal2009\;Yuen2
007\;;
2 ExplicitGroup:AspectMining\;0\;Abait2009\;Kellens2007\;Marin2004\;Ma
rin2004b\;Marin2005a\;Marin2007\;;
2 ExplicitGroup:Maintenance\;0\;Hovsepyan2010\;;
2 ExplicitGroup:Languaje\;0\;Colyer2004\;Gradecki2003\;JBoss\;Laddad20
03\;Miles2004\;Spring\;aspectJ\;aspectwerkz\;eclipse\;;
2 ExplicitGroup:Experiencies\;0\;Kaestner2007\;Lippert2000\;Murali2004
\;;
1 ExplicitGroup:AI\;2\;Russell2003\;;
2 ExplicitGroup:Markov\;0\;Armentano2009\;Gorniak2000\;Gorniak2000a\;G
orniak2000b\;Rabiner1989\;Ron1994\;Ron1996\;;
2 ExplicitGroup:AssociationRules\;0\;Agrawal94\;Cheung1996\;Cheung1997
\;Lee1997\;Srikant1997\;;
2 ExplicitGroup:Agents\;0\;Armentano2009a\;Lieberman1997\;Maes1994\;Sc
hiaffino2010\;;
2 ExplicitGroup:Data Mining\;0\;Han2000\;;
1 ExplicitGroup:Evolution\;2\;Lehman1985\;;
2 ExplicitGroup:Maintenance\;0\;Banker1993\;Bennett2000\;Cross1992\;De
meyer2003\;Ducasse&Demeyer1999\;Fowler1999\;Goldberg1983\;Lientz1980\;
Nierstrasz2004\;Nosek\;Parnas1972\;Parnas1994\;;
2 ExplicitGroup:Metrics\;0\;Chidamber1994\;Li&Henry1993\;;
2 ExplicitGroup:Refactoring\;0\;Fowler1999\;Hoffmann2006\;Koesker2009\
;Mens2004\;OConnor2005\;;
1 ExplicitGroup:Design\;2\;;
2 ExplicitGroup:DesingPatterns\;0\;Alur2001\;Gamma1995\;Garcia2005\;;
2 ExplicitGroup:Architectures\;0\;Clements2003\;;
1 ExplicitGroup:Standards\;0\;IEEE1999-Std610-12\;ISOStd\;;
1 ExplicitGroup:Software Engineering\;0\;Pressman2001\;Sommerville07\;
;
}

